@book{nelsen2006,
  author    = {Roger B. Nelsen},
  title     = {An Introduction to Copulas},
  publisher = {Springer},
  year      = {2006},
  edition   = {2nd},
  address   = {New York},
  pages     = {116-119}
}

@article{demarta2005,
  author  = {Simone Demarta and Alexander J. McNeil},
  title   = {The t Copula and Related Copulas},
  journal = {International Statistical Review},
  year    = {2005},
  volume  = {73},
  number  = {1},
  pages   = {111-129}
}

@article{clayton1978,
  author  = {David G. Clayton},
  title   = {A Model for Association in Bivariate Life Tables and Its Application in Epidemiological Studies of Familial Tendency in Chronic Disease Incidence},
  journal = {Biometrika},
  year    = {1978},
  volume  = {65},
  pages   = {141-151}
}

@article{gumbel1960,
  author  = {Emil J. Gumbel},
  title   = {Bivariate Exponential Distributions},
  journal = {Journal of the American Statistical Association},
  year    = {1960},
  volume  = {55},
  pages   = {698-707}
}

@article{frank1979,
  author  = {M. J. Frank},
  title   = {On the Simultaneous Associativity of F(x, y) and x + y - F(x, y)},
  journal = {Aequationes Mathematicae},
  year    = {1979},
  volume  = {19},
  pages   = {194-226}
}

@book{joe2014,
  author    = {Harry Joe},
  title     = {Dependence Modeling with Copulas},
  publisher = {Chapman and Hall/CRC},
  year      = {2014}
}

@book{cherubini2004,
  author    = {Umberto Cherubini and Elisa Luciano and Walter Vecchiato},
  title     = {Copula Methods in Finance},
  publisher = {Wiley Finance},
  year      = {2004}
}

@book{mcneil2015,
  author    = {Alexander J. McNeil and RÃ¼diger Frey and Paul Embrechts},
  title     = {Quantitative Risk Management: Concepts, Techniques and Tools},
  publisher = {Princeton University Press},
  year      = {2015}
}
